@article{knn,
    author = {Silverman, B. W. and Jones, M. C.},
    citeulike-article-id = {6982131},
    citeulike-linkout-0 = {http://dx.doi.org/10.2307/1403796},
    citeulike-linkout-1 = {http://www.jstor.org/stable/1403796},
    doi = {10.2307/1403796},
    issn = {03067734},
    journal = {International Statistical Review / Revue Internationale de Statistique},
    keywords = {knn},
    number = {3},
    pages = {233--238},
    posted-at = {2010-04-08 22:03:04},
    priority = {2},
    publisher = {International Statistical Institute (ISI)},
    title = {{E. Fix and J.L. Hodges (1951): An Important Contribution to Nonparametric Discriminant Analysis and Density Estimation: Commentary on Fix and Hodges (1951)}},
    url = {http://dx.doi.org/10.2307/1403796},
    volume = {57},
    year = {1989}
}



@ARTICLE{vap,
    author = {Corinna Cortes and Vladimir Vapnik},
    title = {Support-Vector Networks},
    booktitle = {Machine Learning},
    year = {1995},
    pages = {273--297}
}




@ARTICLE{Friedman00greedyfunction,
    author = {Jerome H. Friedman},
    title = {Greedy Function Approximation: A Gradient Boosting Machine},
    journal = {Annals of Statistics},
    year = {2000},
    volume = {29},
    pages = {1189-1232}
}





@article{random,
year={2001},
issn={0885-6125},
journal={Machine Learning},
volume={45},
number={1},
doi={10.1023/A:1010933404324},
title={Random Forests},
url={http://dx.doi.org/10.1023/A%3A1010933404324},
publisher={Kluwer Academic Publishers},
author={Breiman, Leo},
pages={5-32}
}